@article{contur_analysis,
  title={Обзор основных методов контурного анализа для выделения контуров движущихся объектов},
  author={Сакович, Илона Олеговна and Белов, Юрий Сергеевич},
  journal={Инженерный журнал: наука и инновации},
  number={12 (36)},
  pages={11},
  year={2014},
  publisher={Федеральное государственное бюджетное образовательное учреждение высшего~…}
}

@article{solution_tree,
  title={Применение метода дерева решений для решения задач классификации и прогнозирования},
  author={Мифтахова, Альфия Асхатовна},
  journal={Инфокоммуникационные технологии},
  volume={14},
  number={1},
  pages={64--70},
  year={2016},
  publisher={Федеральное государственное бюджетное образовательное учреждение высшего~…}
}

@article{neural_network,
  title={Нейронные сети},
  author={Ксенофонтов, Вадим Валерьевич},
  journal={Проблемы науки},
  number={11},
  pages={59},
  year={2020},
  publisher={Общество с ограниченной ответственностью Олимп}
}

@article{tlu,
  title={ПЕРЦЕПТРОН КАК ОСНОВА СОВЕРЕМННЫХ ИНС},
  author={Вовченко, РА and Гайворонский, ГВ and Беляев, НД},
  journal={Новая наука: Теоретический и практический взгляд},
  number={117-2},
  pages={129--131},
  year={2016},
  publisher={Общество с ограниченной ответственностью Агентство международных исследований}
}

@article{cnn,
  title={Сверточные нейронные сети},
  author={Романов, Александр Андреевич},
  journal={Научные исследования: ключевые проблемы III тысячелетия},
  pages={5--9},
  year={2018}
}

@article{cnn_more,
  title={Анализ понятий нейронная сеть и сверточная нейронная сеть, обучение сверточной нейросети при помощи модуля TensorFlow},
  author={Багаев, Иван Игоревич},
  journal={Математическое и программное обеспечение систем в промышленной и социальной сферах},
  volume={8},
  number={1},
  pages={15},
  year={2020},
  publisher={Федеральное государственное бюджетное образовательное учреждение высшего~…}
}

@inproceedings{capsnet,
  title={Новый вид нейронной сети для распознавания изображений-капсульная нейронная сеть},
  author={Зубричев, Никита Вячеславович},
  booktitle={Современные технологии: актуальные вопросы, достижения и инновации},
  pages={106--108},
  year={2017}
}

@inproceedings{capsnet_minus,
  title={КАПСУЛЬНЫЕ НЕЙРОННЫЕ СЕТИ В ЗАДАЧАХ КЛАССИФИКАЦИИ ИЗОБРАЖЕНИЙ},
  author={Морзавченков, АС},
  booktitle={ВСЕРОССИЙСКАЯ СТУДЕНЧЕСКАЯ КОНФЕРЕНЦИЯ {\guillemotleft}СТУДЕНЧЕСКАЯ НАУЧНАЯ ВЕСНА{\guillemotright}, ПОСВЯЩЕННАЯ 85-ЛЕТИЮ ЮА ГАГАРИНА},
  pages={150--151},
  year={2019}
}


@article{yolo,
  title={РАСПОЗНАВАНИЕ ОБЪЕКТОВ НА ИЗОБРАЖЕНИЯХ С ПОМОЩЬЮ YOLO АРХИТЕКТУРЫ},
  author={Стаценко, Сергей and Афанасьева, Жанна},
  journal={Электронный научный журнал" Молодая наука Сибири"},
  number={2 (20)},
  year={2023}
}

@article{cnn_types,
  title={СРАВНИТЕЛЬНЫЙ АНАЛИЗ ФРЕЙМВОРКОВ И НЕЙРОСЕТЕВЫХ АРХИТЕКТУР ДЛЯ КОМПЬЮТЕРНОГО ЗРЕНИЯ В ОБЛАСТИ ИСКУССТВЕННОГО ИНТЕЛЛЕКТА ДЛЯ ОПРЕДЕЛЕНИЯ ОБЪЕКТОВ НА АЭРОСЪЕМКАХ},
  author={Резунков, Димитрий Андреевич and Шорникова, Наталья Юрьевна},
  journal={Педагогика, психология и экономика: вызовы современности и тенденции развития},
  pages={100},
  year={2024}
}

@inproceedings{ssd,
  title={ОБНАРУЖЕНИЕ ОБЪЕКТОВ С ПОМОЩЬЮ SSD (SINGLE SHOT DETECTOR)},
  author={Петухов, Дмитрий Евгеньевич and Ткаченко, Анастасия Владимировна and Белов, Юрий Сергеевич},
  booktitle={Сборник избранных статей по материалам научных конференций ГНИИ" Нацразвитие"},
  pages={166--170},
  year={2020}
}

@inproceedings{r-cnn,
  title={Oriented R-CNN for object detection},
  author={Xie, Xingxing and Cheng, Gong and Wang, Jiabao and Yao, Xiwen and Han, Junwei},
  booktitle={Proceedings of the IEEE/CVF international conference on computer vision},
  pages={3520--3529},
  year={2021}
}

@article{fast_r-cnn,
  title={Анализ алгоритмов поиска объектов на изображениях с использованием различных модификаций сверточных нейронных сетей},
  author={Сирота, Александр Анатольевич and Митрофанова, Елена Юрьевна and Милованова, Анастасия Ивановна},
  journal={Вестник ВГУ. Серия: Системный анализ и информационные технологии},
  number={3},
  pages={123--137},
  year={2019}
}

@article{faster_r-cnn,
  title={Faster r-cnn: Towards real-time object detection with region proposal networks},
  author={Ren, Shaoqing},
  year={2015}
}

@article{r-cnn_comp,
    author = "Reza Ghandi",
    title = "R-CNN, Fast R-CNN, Faster R-CNN, YOLO — Object Detection Algorithms",
    journal = "Towards Data Science",
    year = {2022}
}

@article{all_comp,
    author = "Abonia Sojasingarayar",
    title = "Faster R-CNN vs YOLO vs SSD — Object Detection Algorithms",
    journal = "IBM Data Science in Practice",
    year = {2022}
}

@article{all_comp_with_yolov7,
  title={Comparative Review of Object Detection Algorithms in Small Single-Board Computers},
  author={Rashid, Tuan Muhammad Naeem Bin Tuan and Fadzil, Lokman Mohd},
  journal="International Journal on Recent and Innovation Trends in Computing and Communication",
  year={2023}
}